<?xml version="1.0" encoding="UTF-8"?><collection xmlns="http://www.loc.gov/MARC21/slim"><record><leader>00574nam--2200193-i-4500</leader><controlfield tag="001">000046351</controlfield><controlfield tag="002">20161230</controlfield><controlfield tag="005">20161230201045</controlfield><controlfield tag="008">060222s1000------------r-----000-0-fre-d</controlfield><datafield ind1=" " ind2=" " tag="040"><subfield code="a">IFIN-HH</subfield></datafield><datafield ind1=" " ind2=" " tag="041"><subfield code="a">fre</subfield></datafield><datafield ind1=" " ind2=" " tag="080"><subfield code="a">54</subfield></datafield><datafield ind1="1" ind2=" " tag="100"><subfield code="a">Urbain, Georges</subfield></datafield><datafield ind1="1" ind2="0" tag="245"><subfield code="a">Les notions fondamentales d`element chimique et d`atome</subfield><subfield code="c">Georges urbain</subfield></datafield><datafield ind1=" " ind2=" " tag="260"><subfield code="a">Paris</subfield><subfield code="b">Gauthier-villars Et C-ie, Editeurs</subfield><subfield code="c">1925</subfield></datafield><datafield ind1=" " ind2=" " tag="300"><subfield code="a">171P</subfield></datafield><datafield ind1=" " ind2=" " tag="490"><subfield code="a">Science Et Civilisation. Collection D'Exposes Synthetiques Du Savoir Humain</subfield></datafield><datafield ind1=" " ind2=" " tag="852"><subfield code="a">44463</subfield><subfield code="c">H.H</subfield></datafield><datafield ind1=" " ind2=" " tag="CAT"><subfield code="a">Sys</subfield><subfield code="c">20130405</subfield><subfield code="h">141739</subfield></datafield></record></collection>